% --------------------------------- Introduction ---------------------------------
@online{enterprise_56k.cloud,
	title 		= {56K.Cloud},
	url 		= {https://www.56k.cloud},
	titleaddon 	= {Let's Start your Cloud Journey},
	urldate 	= {2023-09-21},
}

@online{images_freepik,
	title 		= {Freepik},
	url 		= {https://www.freepik.com/author/macrovector},
	titleaddon 	= {Images by macrovector},
	urldate 	= {2023-09-29},
}

% --------------------------------- Methodology ---------------------------------
@inproceedings{abbas_historical_2008,
	title = {Historical {Roots} of {Agile} {Methods}: {Where} {Did} “{Agile} {Thinking}” {Come} {From}?},
	isbn = {978-3-540-68255-4},
	shorttitle = {Historical {Roots} of {Agile} {Methods}},
	doi = {10.1007/978-3-540-68255-4_10},
	language = {en},
	author = {Abbas, Noura and Gravell, Andrew M. and Wills, Gary B.},
	year = {2008},
}

@misc{course_MA_ITProMan,
  author = {Mugelini, Elena and Khaled, Omar Abou},
  title = {MSE university course - IT Project Management},
  titleaddon = {PHASE III: execute the IT project - choosing a SDLC methodologies},
  year = {2022},
}

@online{manifesto_agile,
	title 		= {Manifesto for Agile Software Development},
	url 		= {https://agilemanifesto.org/iso/en/manifesto.html},
	urldate 	= {2023-10-05},
}

@online{scrum_guide_site,
	title 		= {Scrum Guides},
	url 		= {https://scrumguides.org/jeff.html},
	titleaddon 	= {Jeff Sutherland},
	urldate 	= {2023-10-05},
}

@book{scrum_guide,
  author = {Schwaber, Ken and Sutherland, Jeff},
  year = {2020},
  title = {The Scrum Guide},
  edition = {6}
}

@online{kanban_example,
	title 		= {Atlassian - Kanban},
	url 		= {https://www.atlassian.com/agile/kanban},
	urldate 	= {2023-10-06},
}

@book{kanban_guide,
  author = {Scrum.org and Vacanti, Daniel and Yeret, Yuval},
  year = {2021},
  title = {The Kanban Guide for Scrum Teams},
}

@online{little_law,
	title 		= {Wikipedia - Little's law},
	url 		= {https://en.wikipedia.org/wiki/Little%27s_law},
	urldate 	= {2023-10-06},
}

@online{aws_practitioner_certificate,
	title 		= {AWS - AWS Certified Cloud Practitioner},
	url 		= {https://aws.amazon.com/certification/certified-cloud-practitioner/},
	urldate 	= {2024-01-29},
}

% --------------------------------- Analysis ---------------------------------
% -- Definitions --
@inproceedings{nist_definition_cloud_computing,
	title = {The NIST Definition of Cloud Computing},
	doi = {10.6028/NIST.SP.800-145},
	language = {en},
	author = {Mell, Peter and Grance, Timothy},
	year = {2011},
}

@online{iaas_paas_saas,
	title 		= {RedHat - IaaS vs. PaaS vs. SaaS},
	url 		= {https://www.redhat.com/en/topics/cloud-computing/iaas-vs-paas-vs-saas},
	urldate 	= {2023-10-13},
}

% -- History of Cloud-Native --
@online{docker,
	title 		= {Docker},
	url 		= {https://www.docker.com},
	urldate 	= {2023-10-12},
}

@online{k8s,
	title 		= {Kubernetes},
	url 		= {https://kubernetes.io},
	urldate 	= {2023-10-12},
}

@online{cncf,
	title 		= {Cloud Native Computing Foundation},
	titleaddon 	= {MAKE CLOUD NATIVE UBIQUITOUS},
	url 		= {https://www.cncf.io},
	urldate 	= {2023-10-12},
}

@online{cncf_charter,
	title 		= {Cloud Native Computing Foundation},
	titleaddon 	= {CNCF Charter},
	url 		= {https://github.com/cncf/foundation/blob/main/charter.md},
	urldate 	= {2023-10-12},
}

@inproceedings{understanding_cloud_native,
	title = {Understanding cloud-native applications after 10 years of cloud computing - A systematic mapping study},
	doi = {10.1016/j.jss.2017.01.001},
	issn = {0164-1212},
	language = {en},
	author = {Kratzke, Nane and Quint, Peter-Christian},
	year = {2017},
}

@online{history_cloud_native,
	title 		= {Rancher - The History of Cloud Native},
	url 		= {https://www.suse.com/c/rancher_blog/the-history-of-cloud-native/},
	urldate 	= {2023-10-12},
}

@inproceedings{evaluation_aws_services,
	title = {An Evaluation of Amazon’s Grid Computing Services: EC2, S3 and SQS},
	language = {en},
	author = {Garfinkel, Simson},
	year = {2007},
}

@online{ec2_origins,
	title 		= {Benjamin Black — EC2 Origins},
	url 		= {http://blog.b3k.us/2009/01/25/ec2-origins.html},
	urldate 	= {2023-10-31},
}

@online{ibm_lifAndShift,
	title 		= {IBM},
	titleaddon 	= {What is lift and shift?},
	url 		= {https://www.ibm.com/topics/lift-and-shift},
	urldate 	= {2023-10-12},
}

@conference{closer12,
	author		= {Andrikopoulos, Vasilios and Fehling, Christoph and Leymann, Fran},
	title		= {DESIGNING FOR CAP - The Effect of Design Decisions on the CAP Properties of Cloud-native Applications},
	booktitle	= {Proceedings of the 2nd International Conference on Cloud Computing and Services Science - CLOSER},
	year		= {2012},
	pages		= {365-374},
	publisher	= {SciTePress},
	organization= {INSTICC},
	doi			= {10.5220/0003931503650374},
	isbn		= {978-989-8565-05-1},
	issn	=	 {2184-5042},
}

@conference{4caast,
	author		= {García-Gómez, Sergio and Escriche-Vicente, Manuel and Arozarena-Llopis, Pablo and Jiménez-Gañán, Miguel and Lelli, Francesco},
	title		= {4CaaSt: Comprehensive Management of Cloud Services through a PaaS},
	year		= {2012},
	pages		= {494-499},
	doi			= {10.1109/ISPA.2012.72},
	issn		= {2158-9208},
}

@inproceedings{history_cloud_application,
	title = {A Brief History of Cloud Application Architectures},
	language = {en},
	author = {Kratzke, Nane},
	year = {2018},
	pages		= {1368},
	publisher	= {Applied Sciences},
	doi			= {10.3390/app8081368},
	issn	=	 {2076-3417},
}

% -- Integration IoT/cloud --
@inproceedings{state_of_the_art_integration_iot_cloudComputing,
	title = {State-of-the-art, challenges, and open issues in the integration of Internet of things and cloud computing},
	language = {en},
	author = {Díaz, Manuel and Martín, Cristian and Rubio, Bartolomé},
	year = {2016},
	pages		= {99-117},
	publisher	= {Journal of Network and Computer Applications},
	doi			= {10.1016/j.jnca.2016.01.010},
	issn	=	 {1084-8045},
}

@inproceedings{cloud_of_thing,
	title = {Cloud of Things: Integrating Internet of Things and cloud computing and the issues involved},
	language = {en},
	author = {Aazam, Mohammad and Khan, Imran and Alsaffar, Aymen Abdullah and Huh, Eui-Nam},
	year = {2014},
	pages		= {414-419},
	doi			= {10.1109/IBCAST.2014.6778179},
}

@inproceedings{integration_embedded_systems_cloudComputing,
	title = {Integration of Cloud with Embedded Systems for IoT devices},
	language = {en},
	author = {Oza, Nakita},
	year = {2018},
	publisher	= {International Journal of Latest Transactions in Engineering And Science},
	issn	=	 {2321-0605},
}

@inproceedings{next_generation_iot_cloud,
	title = {Next Generation of Embedded System on Cloud Computing},
	language = {en},
	author = {Furuichi, Tetsuo and Yamada, Kunihiro},
	year = {2014},
	pages		= {1605-1614},
	publisher	= {Procedia Computer Science},
	doi			= {10.1016/j.procs.2014.08.244},
	issn	=	 {1877-0509},
}

@article{reference_architecture_cloud_iot,
	title={Cloud Customer Architecture for IoT},
	author={Cloud Standards Customer Council},
	year={2016},
	language={en}
}

@online{zigbee,
	title 		= {Zigbee},
	titleaddon 	= {The Full-Stack Solution for All Smart Devices},
	url 		= {https://csa-iot.org/all-solutions/zigbee/},
	urldate 	= {2023-10-20},
}

@online{bluetooth,
	title 		= {Bluetooth},
	url 		= {https://www.bluetooth.com},
	urldate 	= {2023-10-29},
}

@online{lora_alliance,
	title 		= {LoRa Alliance},
	url 		= {https://lora-alliance.org},
	urldate 	= {2023-10-29},
}

@online{thread,
	title 		= {Thread},
	url 		= {https://www.threadgroup.org},
	urldate 	= {2023-10-29},
}

@online{matter,
	title 		= {Connectivity Standards Alliance - Matter},
	url 		= {https://csa-iot.org/all-solutions/matter/},
	urldate 	= {2023-10-29},
}

@article{secure_integration_iot_cloud_computing,
	title={Secure integration of IoT and Cloud Computing},
	ISSN={0167-739X},
	DOI={10.1016/j.future.2016.11.031},
	journal={Future Generation Computer Systems},
	author={Stergiou, Christos and Psannis, Kostas E. and Kim, Byung-Gyu and Gupta, Brij},
	year={2018},
	pages={964–975}
}

@inproceedings{smart_home_integration,
 	title={Smart Home: Integrating Internet of Things with Web Services and Cloud Computing},
	language = {en}, 
	DOI={10.1109/CloudCom.2013.155},
	booktitle={2013 IEEE 5th International Conference on Cloud Computing Technology and Science},
	author={Soliman, Moataz and Abiodun, Tobi and Hamouda, Tarek and Zhou, Jiehan and Lung, Chung-Horng},
	year={2013},
	pages={317–320},
}

@online{mqtt,
	title 		= {MQTT},
	titleaddon 	= {The Standard for IoT Messaging},
	url 		= {https://mqtt.org},
	urldate 	= {2023-10-29},
}

@book{coap_whitepaper,
	title={The Constrained Application Protocol (CoAP)},
	url={https://datatracker.ietf.org/doc/rfc7252},
	DOI={10.17487/RFC7252},
	number={RFC 7252},
	institution={Internet Engineering Task Force},
	author={Shelby, Zach and Hartke, Klaus and Bormann, Carsten}, 
	year={2014}
}

@inproceedings{cloudthings,
	title = {CloudThings: A common architecture for integrating the Internet of Things with Cloud Computing},
	language = {en},
	author = {Zhou, Jiehan and Leppanen, Teemu and Harjula, Erkki and Ylianttila, Mika and Ojala, Timo and Yu, Chen and Jin, Hai and Yang, Laurence Tianruo},
	year = {2013},
	pages		= {651-657},
	publisher	= {CSCWD},
	doi			= {10.1109/CSCWD.2013.6581037},
}

@inproceedings{actinium_integration_solution,
  author={Kovatsch, Matthias and Lanter, Martin and Duquennoy, Simon},
  booktitle={2012 3rd IEEE International Conference on the Internet of Things}, 
  title={Actinium: A RESTful runtime container for scriptable Internet of Things applications}, 
  year={2012},
  pages={135-142},
  doi={10.1109/IOT.2012.6402315}
}

@misc{aws_arm_architecture_iot,
	type={Research Reports or Papers},
	title={Arm Mbed – AWS IoT System Integration},
	url={https://eprints.gla.ac.uk/157277/},
	publisher={School of Engineering},
	author={Martin, Sergio and Heidari, Hadi and Tousimojarad, Ashkan and Cochran, Sandy},
	year={2018},
	language={en}
}

@online{mqtt_aws,
	title 		= {AWS IoT Core - MQTT},
	url 		= {https://docs.aws.amazon.com/iot/latest/developerguide/mqtt.html},
	urldate 	= {2023-10-29},
}

@article{itaas_reference_architecture,
 	title={Internet of Things as a Service (iTaaS): Challenges and solutions for management of sensor data on the cloud and the fog},
	ISSN={2542-6605},
	DOI={10.1016/j.iot.2018.09.009},
	journal={Internet of Things},
	author={Petrakis, Euripides G. M. and Sotiriadis, Stelios and Soultanopoulos, Theodoros and Renta, Pelagia Tsiachri and Buyya, Rajkumar and Bessis, Nik},
	year={2018},
	pages={156–174}
}

@article{OTA_Solution_proposed,
	title={Over-the-air firmware update for IoT devices on the wild},
	ISSN={2542-6605},
	DOI={10.1016/j.iot.2022.100578},
	journal={Internet of Things},
	author={de Sousa, Maria Júlia Berriel and Gonzalez, Luis Fernando Gomez and Ferdinando, Erick Mascagni and Borin, Juliana Freitag},
	year={2022},
}

@online{elb_aws,
	title 		= {Amazon Elastic Load Balancer},
	url 		= {https://aws.amazon.com/en/elasticloadbalancing/},
	urldate 	= {2023-10-30},
}

@article{optimization_resources_allocation,
	title={Optimization Approach for Resource Allocation on Cloud Computing for IoT},
	ISSN={1550-1329},
	DOI={10.1155/2016/3479247},
	journal={International Journal of Distributed Sensor Networks},
	publisher={SAGE Publications},
	author={Choi, Yeongho and Lim, Yujin},
	year={2016},
	language={en}
}

@online{coexistence_ipv4_ipv6,
	title 		= {Comment établir la coexistence entre IPv4 et IPv6},
	url 		= {https://community.fs.com/fr/article/how-to-achieve-ipv4-and-ipv6-coexistence-dual-stack-or-mpls-tunnel.html},
	urldate 	= {2023-10-30},
}

@online{ota_aws_iot,
	title 		= {Update the AWS IoT Greengrass Core software (OTA)},
	url 		= {https://docs.aws.amazon.com/greengrass/v2/developerguide/update-greengrass-core-v2.html},
	urldate 	= {2023-10-30},
}

@online{status_aws_iot,
	title 		= {Check Greengrass core device status},
	url 		= {https://docs.aws.amazon.com/greengrass/v2/developerguide/device-status.html},
	urldate 	= {2023-10-30},
}

@online{ota_azure_iot,
	title 		= {What is Device Update for IoT Hub?},
	url 		= {https://learn.microsoft.com/en-us/azure/iot-hub-device-update/understand-device-update},
	urldate 	= {2023-10-30},
}

@online{status_azure_iot,
	title 		= {Monitor device connection status},
	url 		= {https://learn.microsoft.com/en-us/azure/iot-hub/monitor-device-connection-state},
	urldate 	= {2023-10-30},
}

@book{firmware_update_architecture_iot,
	title={A Firmware Update Architecture for Internet of Things},
	DOI={10.17487/RFC9019},
	institution={Internet Engineering Task Force},
	author={Moran, Brendan and Tschofenig, Hannes and Brown, David and Meriac, Milosch},
	year={2021}
}

@article{survey_integration_iot_cloud_computing,
	title={Integration of Cloud computing and Internet of Things: A survey},
	ISSN={0167-739X},
	DOI={10.1016/j.future.2015.09.021},
	journal={Future Generation Computer Systems},
	author={Botta, Alessio and de Donato, Walter and Persico, Valerio and Pescapé, Antonio},
	year={2016},
	pages={684–700}
}

@inproceedings{unnecessary_data_architecture,
	title={Fog Computing and Smart Gateway Based Communication for Cloud of Things},
	DOI={10.1109/FiCloud.2014.83},
	booktitle={2014 International Conference on Future Internet of Things and Cloud},
	author={Aazam, Mohammad and Huh, Eui-Nam},
	year={2014},
	pages={464–470}
}

% -- Cloud platforms --
@article{Ilyas_Ahmad_Saleem_2020,
	title={Internet‐of‐Things‐Infrastructure‐as‐a‐Service: The democratization of access to public Internet‐of‐Things Infrastructure},
	DOI={10.1002/dac.4562},
	journal={International Journal of Communication Systems},
	author={Ilyas, Muhammad and Ahmad, Muneeb and Saleem, Sajid},
	year={2020},
	language = {en},
}

@online{raspberrypi,
	title 		= {Raspberry Pi},
	url 		= {https://www.raspberrypi.com},
	urldate 	= {2023-10-20},
}

@inproceedings{glasgow_rpi_cloud_computing,
	title={The Glasgow Raspberry Pi Cloud: A Scale Model for Cloud Computing Infrastructures}, ISSN={2332-5666},
	DOI={10.1109/ICDCSW.2013.25},
	booktitle={2013 IEEE 33rd International Conference on Distributed Computing Systems Workshops},
	author={Tso, Fung Po and White, David R. and Jouet, Simon and Singer, Jeremy and Pezaros, Dimitrios P.},
	year={2013},
	pages={108–112}
}

@inproceedings{bolzano_rpi_cloud_computing,
	title={Affordable and Energy-Efficient Cloud Computing Clusters: The Bolzano Raspberry Pi Cloud Cluster Experiment},
	ISBN={978-0-7695-5095-4},
	DOI={10.1109/CloudCom.2013.121},
	publisher={IEEE},
	author={Abrahamsson, Pekka and Helmer, Sven and Phaphoom, Nattakarn and Nicolodi, Lorenzo and Preda, Nick and Miori, Lorenzo and Angriman, Matteo and Rikkila, Juha and Wang, Xiaofeng and Hamily, Karim and Bugoloni, Sara},
	year={2013},
	pages={170–175},
 	language={en}
}

@inproceedings{Sikarwar_Yadav_Dubey_2020,
	title={A Survey on IOT enabled cloud platforms},
	ISSN={2329-7182},
	DOI={10.1109/CSNT48778.2020.9115735},
	booktitle={2020 IEEE 9th International Conference on Communication Systems and Network Technologies (CSNT)},
	author={Sikarwar, Ranjana and Yadav, Pradeep and Dubey, Aditya},
	year={2020},
	pages={120–124}
}

@online{gartner_cloud_providers_ranking,
	title 		= {Gartner - Cloud Infrastructure and Platform Services Reviews and Ratings},
	url 		= {https://www.gartner.com/reviews/market/cloud-infrastructure-and-platform-services},
	urldate 	= {2023-10-26},
}

@online{amazon_web_services,
	title 		= {Amazon Web Services},
	url 		= {https://aws.amazon.com/},
	urldate 	= {2023-10-23},
}

@inproceedings{survey_iot_platform_comparison,
	title={A Survey of IoT Platform Comparison for Building Cyber-Physical System Architecture},
	DOI={10.1109/ISRITI48646.2019.9034650},
	booktitle={2019 International Seminar on Research of Information Technology and Intelligent Systems (ISRITI)},
	author={Fridelin Panduman, Yohanes Yohanie and Sukaridhoto, Sritrusta and Tjahjono, Anang},
	year={2019},
	pages={238–243}
}

@article{fog_computing_platforms_comparison,
	title={Fog computing state of the art: concept and classification of platforms to support distributed computing systems},
	DOI={10.48550/arXiv.2106.11726},
	publisher={arXiv},
	author={Kirsanova, Alexandra A. and Radchenko, Gleb I. and Tchernykh, Andrei N.},
	year={2021},
}

@online{microsoft_azure,
	title 		= {Microsoft Azure},
	url 		= {https://azure.microsoft.com/},
	urldate 	= {2023-10-23},
}

@online{google_cloud,
	title 		= {Google Cloud},
	url 		= {https://cloud.google.com/},
	urldate 	= {2023-10-23},
}

@online{akenza_google_cloud_iot,
	title 		= {Akenza AG - Google IoT Core is Shutting Down},
	url 		= {https://blog.akenza.io/google-iot-core-shutdown},
	urldate 	= {2023-10-25},
}

@inproceedings{container_cloud_platform,
	title={Containers and Clusters for Edge Cloud Architectures – A Technology Review},
	DOI={10.1109/FiCloud.2015.35},
	booktitle={2015 3rd International Conference on Future Internet of Things and Cloud},
	author={Pahl, Claus and Lee, Brian},
	year={2015},
	pages={379–386}
}

% -- IaC tools --
@article{iac_tools,
	title={Cloud Infrastructure Tools For Cloud Applications : Infrastructure management of multiple cloud platforms},
	url={https://trepo.tuni.fi/handle/10024/137424},
	author={Valkeinen, Matti},
	year={2022},
	language={en}
}

@online{aws_cloudformation,
	title 		= {AWS CloudFormation},
	url 		= {https://aws.amazon.com/en/cloudformation/},
	urldate 	= {2023-10-26},
}

@online{aws_cdk,
	title 		= {AWS CDK},
	url 		= {https://aws.amazon.com/en/cdk/},
	urldate 	= {2023-10-26},
}

@online{azure_arm,
	title 		= {Azure Resource Manager},
	url 		= {https://azure.microsoft.com/en-gb/get-started/azure-portal/resource-manager},
	urldate 	= {2023-10-26},
}

@online{terraform,
	title 		= {Terraform},
	url 		= {https://www.terraform.io},
	urldate 	= {2023-10-26},
}

@online{pulumi,
	title 		= {Pulumi},
	url 		= {https://www.pulumi.com},
	urldate 	= {2023-10-26},
}

@online{terraform_github,
	title 		= {GitHub - hashicorp/terraform},
	url 		= {https://github.com/hashicorp/terraform/tags},
	urldate 	= {2023-10-26},
}

@online{pulumi_github,
	title 		= {GitHub - pulumi/pulumi},
	url 		= {https://github.com/pulumi/pulumi},
	urldate 	= {2023-10-26},
}

% -- Arm SystemReady --
@online{systemready_program,
	title 		= {SystemReady Certification Program},
	url 		= {https://www.arm.com/architecture/system-architectures/systemready-certification-program},
	urldate 	= {2023-10-27},
}

@online{systemready_approval,
	title 		= {Google, Oracle’s Ampere VMs get Arm’s SystemReady seal of approval},
	url 		= {https://www.theregister.com/2022/11/02/google_oracles_cloud_arm/},
	urldate 	= {2023-10-27},
}

@online{bsa_standard,
	title 		= {SystemReady Pre-Silicon Reference Guide BSA integration and compliance},
	titleaddon 	= {BSA and SBSA overview},
	url 		= {https://developer.arm.com/documentation/102858/0100/BSA-and-SBSA-overview},
	urldate 	= {2023-10-27},
}

@online{bbr_standard,
	title 		= {GitHub - ARM-software/bbr-acs},
	url 		= {https://github.com/ARM-software/bbr-acs},
	urldate 	= {2023-10-27},
}

% --------------------------------- Design ---------------------------------

% --------------------------------- Implementation ---------------------------------
@online{aws_iot_greengrass,
	title 		= {What is AWS IoT Greengrass?},
	url 		= {https://docs.aws.amazon.com/greengrass/v2/developerguide/what-is-iot-greengrass.html},
	urldate 	= {2024-01-31},
}

@online{aws_iot_greengrass_fleet,
	title 		= {Install AWS IoT Greengrass Core software with AWS IoT fleet provisioning},
	url 		= {https://docs.aws.amazon.com/greengrass/v2/developerguide/fleet-provisioning.html},
	urldate 	= {2024-02-01},
}